<?xml version="1.0" encoding="UTF-8"?><collection xmlns="http://www.loc.gov/MARC21/slim"><record><leader>00521nam--2200169-i-4500</leader><controlfield tag="001">000011379</controlfield><controlfield tag="002">20161230</controlfield><controlfield tag="005">20161230201029</controlfield><controlfield tag="008">060222s1000------------r-----000-0-eng-d</controlfield><datafield ind1=" " ind2=" " tag="040"><subfield code="a">IFIN-HH</subfield></datafield><datafield ind1=" " ind2=" " tag="080"><subfield code="a">535.6(043):539.12.04(043)</subfield></datafield><datafield ind1="1" ind2=" " tag="100"><subfield code="a">Butler, Charles Thomas</subfield></datafield><datafield ind1="1" ind2="0" tag="245"><subfield code="a">Radiation damage and color centers in znf2 and mgf2</subfield><subfield code="b">Dissertation</subfield><subfield code="c">Charls thomas buler</subfield></datafield><datafield ind1=" " ind2=" " tag="260"><subfield code="a">Ann Arbor, Michigan</subfield><subfield code="b">University Microfilms, Co</subfield><subfield code="c">1972</subfield></datafield><datafield ind1=" " ind2=" " tag="300"><subfield code="a">VIII + 96 P</subfield></datafield><datafield ind1=" " ind2=" " tag="852"><subfield code="a">42244</subfield><subfield code="c">539.2</subfield></datafield><datafield ind1=" " ind2=" " tag="CAT"><subfield code="a">Sys</subfield><subfield code="c">20121024</subfield><subfield code="h">130630</subfield></datafield></record></collection>